@article{datos, 
  author = {Department of Homeland Security},
  title = {TSA claims data},
  year = {2015},
  url = {https://www.dhs.gov/tsa-claims-data}
}

@phdthesis{flores,
  title={Modelling dependencies in airport passenger: claim data using copulas},
  author={Flores, Roberto Carcache},
  year={2022},
  school={Instituto Superior de Economia e Gest{\~a}o}
}

@article{chen2020aggregate,
  title={Agrregate Loss Model with Poisson-Tweedie Loss Frequency},
  author={Chen, Si},
  year={2020},
  publisher={Wilfrid Laurier University}
}

@article{ciullo2017jetblue,
  title={JetBlue v. Delta: Battle of the Baggage},
  author={Ciullo, Rebecca},
  year={2017}
}

@article{cyprian,
  title={Modeling the Frequency and Severity of Auto
Insurance Claims Using Statistical Distributions},
  author={Ondieki, Cyprian and Gathoni, Shalyne and Wairimu, Joan  },
  year={2018}
}

@article{kelly2020data,
  title={A data set for modeling claims processesâ€”tsa claims data},
  author={Kelly, Mary and Wang, Zilin},
  journal={Risk Management and Insurance Review},
  volume={23},
  number={3},
  pages={269--276},
  year={2020},
  publisher={Wiley Online Library}
}

@article{pitt2011estimation,
  title={Estimation of parametric and nonparametric models for univariate claim severity distributions: an approach using R},
  author={Pitt, David and Guillen, Montserrat and Bolanc{\'e}, Catalina},
  year={2011},
  publisher={XREAP}
}



@misc{klugman2019loss,
  title={Loss Models From Data ro Decisions, 5 th., vol. 6, no. 1. Hoboken},
  author={Klugman, SA and Panjer, HH and Willmot, GE},
  year={2019},
  publisher={New Jersey: John Wiley \& Sons, Inc}
}



@article{soadefinitions,
  title={ Risk and insurance },
  author={Feldman, Judy and Brown, Robert},
  year={2005},
  publisher={Society of Actuaries}
}

@article{chakraborty2015generating,
  title={Generating discrete analogues of continuous probability distributions-A survey of methods and constructions},
  author={Chakraborty, Subrata},
  journal={Journal of Statistical Distributions and Applications},
  volume={2},
  number={1},
  pages={1--30},
  year={2015},
  publisher={Springer}
}


@article{vila2019theoretical,
  title={Theoretical results on the discrete Weibull distribution of Nakagawa and Osaki},
  author={Vila, Roberto and Nakano, Eduardo Y and Saulo, Helton},
  journal={Statistics},
  volume={53},
  number={2},
  pages={339--363},
  year={2019},
  publisher={Taylor \& Francis}
}

@article{lyu2022discrete,
  title={Discrete lognormal distributions with application to insurance data},
  author={Lyu, Jiahang and Nadarajah, Saralees},
  journal={International Journal of System Assurance Engineering and Management},
  volume={13},
  number={3},
  pages={1268--1282},
  year={2022},
  publisher={Springer}
}

@article{wolodzko2019extradistr,
  title={extraDistr: Additional univariate and multivariate distributions},
  author={Wolodzko, T},
  journal={R package version},
  volume={1},
  number={11},
  year={2019}
}

@article{nakagawa1975discrete,
  title={The discrete Weibull distribution},
  author={Nakagawa, Toshio and Osaki, Shunji},
  journal={IEEE transactions on reliability},
  volume={24},
  number={5},
  pages={300--301},
  year={1975},
  publisher={IEEE}
}


