@article{knuth84,
  author = {Knuth, Donald E.},
  title = {Literate Programming},
  year = {1984},
  issue_date = {May 1984},
  publisher = {Oxford University Press, Inc.},
  address = {USA},
  volume = {27},
  number = {2},
  issn = {0010-4620},
  url = {https://doi.org/10.1093/comjnl/27.2.97},
  doi = {10.1093/comjnl/27.2.97},
  journal = {Comput. J.},
  month = may,
  pages = {97–111},
  numpages = {15}
}

@article{datos, 
  author = {Department of Homeland Security},
  title = {TSA claims data},
  year = {2015},
  url = {https://www.dhs.gov/tsa-claims-data}
}

@phdthesis{flores,
  title={Modelling dependencies in airport passenger: claim data using copulas},
  author={Flores, Roberto Carcache},
  year={2022},
  school={Instituto Superior de Economia e Gest{\~a}o}
}

@article{chen2020aggregate,
  title={Agrregate Loss Model with Poisson-Tweedie Loss Frequency},
  author={Chen, Si},
  year={2020},
  publisher={Wilfrid Laurier University}
}

@article{ciullo2017jetblue,
  title={JetBlue v. Delta: Battle of the Baggage},
  author={Ciullo, Rebecca},
  year={2017}
}

@article{cyprian,
  title={Modeling the Frequency and Severity of Auto
Insurance Claims Using Statistical Distributions},
  author={Ondieki, Cyprian and Gathoni, Shalyne and Wairimu, Joan  },
  year={2018}
}

@article{kelly2020data,
  title={A data set for modeling claims processes—tsa claims data},
  author={Kelly, Mary and Wang, Zilin},
  journal={Risk Management and Insurance Review},
  volume={23},
  number={3},
  pages={269--276},
  year={2020},
  publisher={Wiley Online Library}
}

@article{pitt2011estimation,
  title={Estimation of parametric and nonparametric models for univariate claim severity distributions: an approach using R},
  author={Pitt, David and Guillen, Montserrat and Bolanc{\'e}, Catalina},
  year={2011},
  publisher={XREAP}
}
@misc{RAE,
  author = {{Real Academia Española}},
  title = {{Diccionario de la lengua española, 23.ª ed}},
  year = {s.f.},
  url = {{ https://dle.rae.es/cultura?m=form}}
}
@article{ortegametodologia,
  title={METODOLOG{\'I}A UTILIZADA PARA EL C{\'A}LCULO DE RIESGO CR{\'E}DITO EN UN PORTAFOLIO EFICIENTE DE CR{\'E}DITO AL CONSUMO},
  author={Ortega, Miguel Flores}
}

@misc{klugman2019loss,
  title={Loss Models From Data ro Decisions, 5 th., vol. 6, no. 1. Hoboken},
  author={Klugman, SA and Panjer, HH and Willmot, GE},
  year={2019},
  publisher={New Jersey: John Wiley \& Sons, Inc}
}
